@article{giardina2009duality,
  title={Duality and hidden symmetries in interacting particle systems},
  author={Giardin{\`a}, Cristian and Kurchan, Jorge and Redig, Frank and Vafayi, Kiamars},
  journal={Journal of Statistical Physics},
  volume={135},
  number={1},
  pages={25--55},
  year={2009},
  publisher={Springer}
}
@article{carinci2013duality,
  title={Duality for stochastic models of transport},
  author={Carinci, Gioia and Giardin{\`a}, Cristian and Giberti, Claudio and Redig, Frank},
  journal={Journal of Statistical Physics},
  volume={152},
  number={4},
  pages={657--697},
  year={2013},
  publisher={Springer}
}
@article{frassek2020duality,
  title={Duality and hidden equilibrium in transport models},
  author={Frassek, Rouven and Giardin{\`a}, Cristian and Kurchan, Jorge},
  journal={SciPost Physics},
  volume={9},
  number={4},
  pages={054},
  year={2020}
}
@article{derrida1993exact,
  title={Exact solution of a {1D} asymmetric exclusion model using a matrix formulation},
  author={Derrida, Bernard and Evans, Martin R and Hakim, Vincent and Pasquier, Vincent},
  journal={Journal of Physics A: Mathematical and General},
  volume={26},
  number={7},
  pages={1493},
  year={1993},
  publisher={IOP Publishing}
}
@article{Crampe:2014aoa,
    author = "Crampe,Nicolas and Ragoucy, {\'E}ric and Vanicat, Matthieu",
    title = "{Integrable approach to simple exclusion processes with boundaries. Review and progress}",
    eprint = "1408.5357",
    archivePrefix = "arXiv",
    primaryClass = "math-ph",
    reportNumber = "LAPTH-074-14",
    doi = "10.1088/1742-5468/2014/11/P11032",
    journal = "J. Stat. Mech.",
    volume = "1411",
    number = "11",
    pages = "P11032",
    year = "2014"
}
@article{frassek2020eigenstates,
  title={Eigenstates of triangularisable open {XXX} spin chains and closed-form solutions for the steady state of the open SSEP},
  author={Frassek, Rouven},
  journal={Journal of Statistical Mechanics: Theory and Experiment},
  volume={2020},
  number={5},
  pages={053104},
  year={2020},
  publisher={IOP Publishing}
}
@article{frassek2019non,
  title={The non-compact {XXZ} spin chain as stochastic particle process},
  author={Frassek, Rouven},
  journal={Journal of Physics A: Mathematical and Theoretical},
  volume={52},
  number={33},
  pages={335202},
  year={2019},
  publisher={IOP Publishing}
}
@article{floreani2022switching,
  title={Switching interacting particle systems: scaling limits, uphill diffusion and boundary layer},
  author={Floreani, Simone and Giardin{\`a}, Cristian and Hollander, Frank den and Nandan, Shubhamoy and Redig, Frank},
  journal={Journal of Statistical Physics},
  volume={186},
  number={3},
  pages={1--45},
  year={2022},
  publisher={Springer}
}
@article{redig2022ergodic,
  title={Ergodic theory of multi-layer interacting particle systems},
  author={Redig, Frank and van Wiechen, Hidde},
  journal={Journal of Statistical Physics},
  volume={190},
  number={4},
  pages={88},
  year={2023},
  publisher={Springer}
}
@article{casini2022uphill,
  title={Uphill in reaction-diffusion multi-species interacting particles systems},
  author={Casini, Francesco and Giardin{\`a}, Cristian and Vernia, Cecilia},
  journal={Journal of Statistical Physics},
  volume={190},
  number={8},
  pages={132},
  year={2023},
  publisher={Springer}
}
@article{vanicat2017exact,
  title={Exact solution to integrable open multi-species {SSEP} and macroscopic fluctuation theory},
  author={Vanicat, Matthieu},
  journal={Journal of Statistical Physics},
  volume={166},
  number={5},
  pages={1129--1150},
  year={2017},
  publisher={Springer}
}
@article{zhou2021orthogonal,
  title={Orthogonal Polynomial Stochastic Duality Functions for Multi-Species {SEP
} (2j) and Multi-Species { IRW}},
  author={Zhou, Zhengye},
  journal={SIGMA. Symmetry, Integrability and Geometry: Methods and Applications},
  volume={17},
  pages={113},
  year={2021},
  publisher={SIGMA. Symmetry, Integrability and Geometry: Methods and Applications}
}

@article{belitsky2015self,
  title={Self-duality for the two-component asymmetric simple exclusion process},
  author={Belitsky, Vladimir and Sch{\"u}tz, Gunter M},
  journal={Journal of mathematical physics},
  volume={56},
  number={8},
  pages={083302},
  year={2015},
  publisher={AIP Publishing LLC}
}
@article{Alcaraz:1992zc,
    author = "Alcaraz, Francisco C. and Droz, Michel and Henkel, Malte and Rittenberg, Vladimir",
    title = "{Reaction - diffusion processes, critical dynamics and quantum chains}",
    eprint = "hep-th/9302112",
    archivePrefix = "arXiv",
    reportNumber = "UGVA-DPT-1992-12-799",
    doi = "10.1006/aphy.1994.1026",
    journal = "Annals Phys.",
    volume = "230",
    pages = "250--302",
    year = "1994"
}

@article{Sklyanin:1988yz,
    author = "Sklyanin, Evgeny K",
    title = "{Boundary Conditions for Integrable Quantum Systems}",
    reportNumber = "E-11-86",
    doi = "10.1088/0305-4470/21/10/015",
    journal = "J. Phys. A",
    volume = "21",
    pages = "2375--2389",
    year = "1988"
}


@article{belliard2,
  title={The nested Bethe ansatz for ‘all’open spin chains with diagonal boundary conditions},
  author={Belliard, Samuel and Ragoucy, {\'E}ric},
  journal={Journal of Physics A: Mathematical and Theoretical},
  volume={42},
  number={20},
  pages={205203},
  year={2009},
  publisher={IOP Publishing}
}

@article{belliard2011nested,
  title={Nested Bethe ansatz for $ {Y} (gl (n))$ open spin chains with diagonal boundary conditions},
  author={Belliard, Samuel and Ragoucy, {\'E}ric},
  journal={Physics of Particles and Nuclei Letters},
  volume={8},
  pages={218--227},
  year={2011},
  publisher={Springer}
}

@article{schutzSandow,
  title={Non-Abelian symmetries of stochastic processes: Derivation of correlation functions for random-vertex models and disordered-interacting-particle systems},
  author={ Schütz, Gunter and  Sandow, Sven},
  journal={Phys.Rev. E},
  volume={49},
  pages={2726--2741},
  year={1994}
}
@article{casini2023density,
  title={Density fluctuations for the multi-species stirring process},
  author={Casini, Francesco and Giardin{\`a}, Cristian and Redig, Frank},
  journal={arXiv preprint arXiv:2307.05111},
  year={2023}
}

@article{faddeev1996algebraic,
  title={How algebraic Bethe ansatz works for integrable model},
  author={Faddeev, Ljudvig D},
  journal={arXiv preprint hep-th/9605187},
  year={1996}
}
@article{frassek2022exact,
  title={Exact solution of an integrable non-equilibrium particle system},
  author={Frassek, Rouven and Giardin{\`a}, Cristian},
  journal={Journal of Mathematical Physics},
  volume={63},
  number={10},
  year={2022},
  publisher={AIP Publishing}
}

@article{floreani2023non,
  title={Non-equilibrium steady state of the symmetric exclusion process with reservoirs},
  author={Floreani, Simone and Casanova, Adri{\'a}n Gonz{\'a}lez},
  journal={arXiv preprint arXiv:2307.02481},
  year={2023}
}

@article{frassek2022integrable,
  title={Integrable boundaries for the {q-Hahn} process},
  author={Frassek, Rouven},
  journal={Journal of Physics A: Mathematical and Theoretical},
  volume={55},
  number={40},
  pages={404008},
  year={2022},
  publisher={IOP Publishing}
}
@article{frassek2020non,
  title={Non-compact quantum spin chains as integrable stochastic particle processes},
  author={Frassek, Rouven and Giardin{\`a}, Cristian and Kurchan, Jorge},
  journal={Journal of Statistical Physics},
  volume={180},
  number={1-6},
  pages={135--171},
  year={2020},
  publisher={Springer}
}
@article{frassek2021duality,
  title={Duality in quantum transport models},
  author={Frassek, Rouven and Giardin{\`a}, Cristian and Kurchan, Jorge},
  journal={SciPost Physics},
  volume={10},
  number={6},
  pages={135},
  year={2021}
}

@article{derrida2007non,
  title={Non-equilibrium steady states: fluctuations and large deviations of the density and of the current},
  author={Derrida, Bernard},
  journal={Journal of Statistical Mechanics: Theory and Experiment},
  volume={2007},
  number={07},
  pages={P07023},
  year={2007},
  publisher={IOP Publishing}
}

@article{bodineau2005current,
  title={Current large deviations for asymmetric exclusion processes with open boundaries},
  author={Bodineau, Thierry and Derrida, Bernard},
  journal={arXiv preprint cond-mat/0509179},
  year={2005}
}

@article{derrida1998exact,
  title={Exact large deviation function in the asymmetric exclusion process},
  author={Derrida, Bernard and Lebowitz, Joel L},
  journal={Physical review letters},
  volume={80},
  number={2},
  pages={209},
  year={1998},
  publisher={APS}
}

@article{mallick2022exact,
  title={Exact solution of the macroscopic fluctuation theory for the symmetric exclusion process},
  author={Mallick, Kirone and Moriya, Hiroki and Sasamoto, Tomohiro},
  journal={Physical Review Letters},
  volume={129},
  number={4},
  pages={040601},
  year={2022},
  publisher={APS}
}

@article{belitsky2018self,
  title={Self-duality and shock dynamics in the n-species priority {ASEP}},
  author={Belitsky, Vladimir and Sch{\"u}tz, Gunter M},
  journal={Stochastic Processes and their Applications},
  volume={128},
  number={4},
  pages={1165--1207},
  year={2018},
  publisher={Elsevier}
}
@article{crampe2016integrable,
  title={Integrable boundary conditions for multi-species {ASEP}},
  author={Crampe, Nicolas and Finn, Caley and Ragoucy, {\'E}ric and Vanicat, Matthieu},
  journal={Journal of Physics A: Mathematical and Theoretical},
  volume={49},
  number={37},
  pages={375201},
  year={2016},
  publisher={IOP Publishing}
}
@article{finn2018matrix,
  title={Matrix product solution to multi-species {ASEP} with open boundaries},
  author={Finn, Caley and Ragoucy, {\'E}ric and Vanicat, Matthieu},
  journal={Journal of Statistical Mechanics: Theory and Experiment},
  volume={2018},
  number={4},
  pages={043201},
  year={2018},
  publisher={IOP Publishing}
}
@article{belitsky2015quantum,
  title={Quantum algebra symmetry of the {ASEP} with second-class particles},
  author={Belitsky, Vladimir and Sch{\"u}tz, Gunter M},
  journal={Journal of statistical physics},
  volume={161},
  pages={821--842},
  year={2015},
  publisher={Springer}
}
@article{de2021yang,
  title={{Yang-Baxter} and the{ Boost}: splitting the difference},
  author={de Leeuw, Marius and Paletta, Chiara and Pribytok, Anton and Retore, Ana L and Ryan, Paul},
  journal={SciPost Physics},
  volume={11},
  number={3},
  pages={069},
  year={2021}
}
@article{chatterjee2023multi,
  title={Multi species asymmetric simple exclusion process with impurity activated flips},
  author={Chatterjee, Amit Kumar and Hayakawa, Hisao},
  journal={SciPost Physics},
  volume={14},
  number={2},
  pages={016},
  year={2023}
}
@article{redig2023equilibrium,
  title={Equilibrium fluctuations of run-and-tumble particles},
  author={Redig, Frank and van Wiechen, Hidde},
  journal={arXiv preprint arXiv:2307.02967},
  year={2023}
}